<?xml version="1.0" encoding="UTF-8"?><collection xmlns="http://www.loc.gov/MARC21/slim"><record><leader>00303nam--2200109-i-4500</leader><controlfield tag="001">000041486</controlfield><controlfield tag="002">20161230</controlfield><controlfield tag="005">20161230201043</controlfield><controlfield tag="008">060222s1000------------r-----000-0-eng-d</controlfield><datafield ind1=" " ind2=" " tag="100"><subfield code="a">The Shippingport Pressurized Water Reactor</subfield></datafield><datafield ind1=" " ind2=" " tag="245"><subfield code="a">Reading/mass.,addison-wesley publ.co.,1958. 588 p.cu fig</subfield></datafield><datafield ind1=" " ind2=" " tag="852"><subfield code="a">13819</subfield></datafield></record></collection>